<record><leader>00000cas a22000007a 4500</leader><controlfield tag="001">15261827</controlfield><controlfield tag="008">870303d19131923inudn ne      0    0eng d</controlfield><datafield ind1=" " ind2=" " tag="010"><subfield code="a">sn 87055342 </subfield></datafield><datafield ind1=" " ind2=" " tag="040"><subfield code="a">NPI</subfield><subfield code="b">eng</subfield><subfield code="c">NPI</subfield><subfield code="d">OCLCQ</subfield></datafield><datafield ind1=" " ind2=" " tag="042"><subfield code="a">msc</subfield></datafield><datafield ind1="0" ind2="4" tag="245"><subfield code="a">The Frankfort crescent-news.</subfield></datafield><datafield ind1=" " ind2=" " tag="260"><subfield code="a">Frankfort, Ind. :</subfield><subfield code="b">Crescent-News Pub. Co.,</subfield><subfield code="c">1913-1923.</subfield></datafield><datafield ind1=" " ind2=" " tag="310"><subfield code="a">Daily (except Sun.)</subfield></datafield><datafield ind1="0" ind2=" " tag="362"><subfield code="a">Vol. 27, no. 231 (Nov. 19, 1913)-v. 38, no. 135 (Aug. 17, 1923).</subfield></datafield><datafield ind1=" " ind2=" " tag="580"><subfield code="a">Also published in weekly editions called: The Frankfort weekly news, and: The Crescent-standard.</subfield></datafield><datafield ind1=" " ind2=" " tag="752"><subfield code="a">United States</subfield><subfield code="b">Indiana</subfield><subfield code="c">Clinton</subfield><subfield code="d">Frankfort.</subfield></datafield><datafield ind1="1" ind2=" " tag="775"><subfield code="t">Frankfort weekly news (Frankfort, Ind.)</subfield><subfield code="w">(DLC)sn 87055350</subfield></datafield><datafield ind1="1" ind2=" " tag="775"><subfield code="t">Crescent-standard</subfield><subfield code="w">(DLC)sn 87055352</subfield></datafield><datafield ind1="0" ind2="4" tag="780"><subfield code="t">Frankfort daily news (Frankfort, Ind. : 1912)</subfield><subfield code="w">(DLC)sn 87055349</subfield></datafield><datafield ind1="0" ind2="4" tag="780"><subfield code="t">Frankfort daily crescent (Frankfort, Ind. : 1906)</subfield><subfield code="w">(DLC)sn 87055286</subfield></datafield><datafield ind1="0" ind2="0" tag="785"><subfield code="t">Frankfort evening news (Frankfort, Ind. : 1923)</subfield><subfield code="w">(DLC)sn 87055290</subfield></datafield></record>